@misc{james2019rlbenchrobotlearningbenchmark,
      title={RLBench: The Robot Learning Benchmark and Learning Environment}, 
      author={Stephen James and Zicong Ma and David Rovick Arrojo and Andrew J. Davison},
      year={2019},
      eprint={1909.12271},
      archivePrefix={arXiv},
      primaryClass={cs.RO},
      url={https://arxiv.org/abs/1909.12271}, 
}

@misc{CoppeliaRobotics,
  author = {{Coppelia Robotics}},
  title = {CoppeliaSim - The Open Simulation Platform},
  year = {2025},
  url = {https://www.coppeliarobotics.com},
  note = {Accessed: 2025-01-22}
}