@misc{chi2024UMIinthewild,
      title={Universal Manipulation Interface: In-The-Wild Robot Teaching Without In-The-Wild Robots}, 
      author={Cheng Chi and Zhenjia Xu and Chuer Pan and Eric Cousineau and Benjamin Burchfiel and Siyuan Feng and Russ Tedrake and Shuran Song},
      year={2024},
      eprint={2402.10329},
      archivePrefix={arXiv},
      primaryClass={cs.RO},
      url={https://arxiv.org/abs/2402.10329}, 
}



@misc{openXEmbodimentRoboticLearning2024,
      title={Open X-Embodiment: Robotic Learning Datasets and RT-X Models}, 
      author={Embodiment Collaboration and Abby O'Neill and Abdul Rehman and Abhinav Gupta and Abhiram Maddukuri and Abhishek Gupta and Abhishek Padalkar and et al.},
      year={2024},
      eprint={2310.08864},
      archivePrefix={arXiv},
      primaryClass={cs.RO},
      url={https://arxiv.org/abs/2310.08864}, 
}

% Good Active Vision paper, vr and AV Aloha
@misc{exploringActiveVision2024chuang,
      title={Active Vision Might Be All You Need: Exploring Active Vision in Bimanual Robotic Manipulation}, 
      author={Ian Chuang and Andrew Lee and Dechen Gao and Iman Soltani},
      year={2024},
      eprint={2409.17435},
      archivePrefix={arXiv},
      primaryClass={cs.RO},
      url={https://arxiv.org/abs/2409.17435}, 
}

% defines Active Vision
@article{Aloimonos1988,
  author    = {J. Aloimonos and I. Weiss and A. Bandyopadhyay},
  title     = {Active vision},
  journal   = {International Journal of Computer Vision},
  volume    = {1},
  number    = {4},
  pages     = {333--356},
  year      = {1988},
  doi       = {10.1007/BF00133571}
}

@inbook{luo2022kingsPublication,
title = "Vision Sensors for Robotic Perception",
author = "Shan Luo and Gomes, {Daniel Fernandes} and Jackie Jiang and Guanqun Cao",
year = "2022",
language = "English",
booktitle = "IET book {"}Sensory Systems For Robotic Applications{"}, Ravinder Dahiya, Oliver Ozioko, Gordon Cheng, 2022",
publisher = "IET",
}

@article{Schmidhuber2015nn,
   title={Deep learning in neural networks: An overview},
   volume={61},
   ISSN={0893-6080},
   url={http://dx.doi.org/10.1016/j.neunet.2014.09.003},
   DOI={10.1016/j.neunet.2014.09.003},
   journal={Neural Networks},
   publisher={Elsevier BV},
   author={Schmidhuber, Jürgen},
   year={2015},
   month=jan, pages={85–117} }

@INPROCEEDINGS{spyros1995nnStateOfTheArt,
  author={Tzafestas, S.G.},
  booktitle={1995 Proceedings of the IEEE International Symposium on Industrial Electronics}, 
  title={Neural networks in robotics: state of the art}, 
  year={1995},
  volume={1},
  number={},
  pages={12-20 vol.1},
  keywords={Neural networks;Intelligent networks;Control systems;Automatic control;Biological neural networks;Neurons;Intelligent robots;Adaptive control;Neurocontrollers;Humans},
  doi={10.1109/ISIE.1995.496471}
}
@INPROCEEDINGS{lu2020CameraParamAutoAdjustingRobotVision,
  author={Lu, Huimin and Zhang, Hui and Yang, Shaowu and Zheng, Zhiqiang},
  booktitle={2010 IEEE International Conference on Robotics and Automation}, 
  title={Camera parameters auto-adjusting technique for robust robot vision}, 
  year={2010},
  volume={},
  number={},
  pages={1518-1523},
  keywords={Robot vision systems;Cameras;Robustness;Entropy;Machine vision;Algorithm design and analysis;Robotics and automation;Focusing;Computer vision;Image processing},
  doi={10.1109/ROBOT.2010.5509978}
}


## human vision studies
@book{findlay2003active,
  author    = {J. M. Findlay and I. D. Gilchrist},
  title     = {Active vision: The psychology of looking and seeing},
  year      = {2003},
  publisher = {Oxford University Press},
  note      = {no. 37}
}

@article{maiello2021humans,
  author    = {G. Maiello and M. Schepko and L. K. Klein and V. C. Paulun and R. W. Fleming},
  title     = {Humans can visually judge grasp quality and refine their judgments through visual and haptic feedback},
  journal   = {Frontiers in Neuroscience},
  volume    = {14},
  pages     = {591898},
  year      = {2021}
}

@article{goodman2018using,
  author    = {R. Goodman and L. Tremblay},
  title     = {Using proprioception to control ongoing actions: dominance of vision or altered proprioceptive weighing?},
  journal   = {Experimental Brain Research},
  volume    = {236},
  pages     = {1897--1910},
  year      = {2018},
  month     = {Apr}
}