@misc{kerr2024robotrobotdoimitating,
      title={Robot See Robot Do: Imitating Articulated Object Manipulation with Monocular 4D Reconstruction}, 
      author={Justin Kerr and Chung Min Kim and Mingxuan Wu and Brent Yi and Qianqian Wang and Ken Goldberg and Angjoo Kanazawa},
      year={2024},
      eprint={2409.18121},
      archivePrefix={arXiv},
      primaryClass={cs.RO},
      url={https://arxiv.org/abs/2409.18121}, 
}

@misc{papagiannis2024milesmakingimitationlearning,
      title={MILES: Making Imitation Learning Easy with Self-Supervision}, 
      author={Georgios Papagiannis and Edward Johns},
      year={2024},
      eprint={2410.19693},
      archivePrefix={arXiv},
      primaryClass={cs.RO},
      url={https://arxiv.org/abs/2410.19693}, 
}

duplicate from background
@misc{wang2024duplicate,
      title={Observe Then Act: Asynchronous Active Vision-Action Model for Robotic Manipulation}, 
      author={Guokang Wang and Hang Li and Shuyuan Zhang and Yanhong Liu and Huaping Liu},
      year={2024},
      eprint={2409.14891},
      archivePrefix={arXiv},
      primaryClass={cs.RO},
      url={https://arxiv.org/abs/2409.14891}, 
}

% DUPLICATE from background
@misc{natarajan2021duplicate,
      title={Grasp Synthesis for Novel Objects Using Heuristic-based and Data-driven Active Vision Methods}, 
      author={Sabhari Natarajan and Galen Brown and Berk Calli},
      year={2021},
      eprint={2104.11372},
      archivePrefix={arXiv},
      primaryClass={cs.RO},
      url={https://arxiv.org/abs/2104.11372}, 
}



% might be used not sure yet mentioned in the grasp synthesis paper i think
@INPROCEEDINGS{Isler2016infogainactive3dvolumetric,
  author={Isler, Stefan and Sabzevari, Reza and Delmerico, Jeffrey and Scaramuzza, Davide},
  booktitle={2016 IEEE International Conference on Robotics and Automation (ICRA)}, 
  title={An information gain formulation for active volumetric 3D reconstruction}, 
  year={2016},
  volume={},
  number={},
  pages={3477-3484},
  keywords={Robot sensing systems;Three-dimensional displays;Entropy;Cameras;Image reconstruction;Probabilistic logic},
  doi={10.1109/ICRA.2016.7487527}}


  % duplicate from intro
@misc{chuang2024activevisionneedexploring,
      title={Active Vision Might Be All You Need: Exploring Active Vision in Bimanual Robotic Manipulation}, 
      author={Ian Chuang and Andrew Lee and Dechen Gao and Iman Soltani},
      year={2024},
      eprint={2409.17435},
      archivePrefix={arXiv},
      primaryClass={cs.RO},
      url={https://arxiv.org/abs/2409.17435}, 
}